@book{htkbook,
    address = {Cambridge, UK},
    author = {Young, S. J. and Evermann, G. and Gales, M. J. F. and Hain, T. and Kershaw, D. and Moore, G. and Odell, J. and Ollason, D. and Povey, D. and Valtchev, V. and Woodland, P. C.},
    citeulike-article-id = {2746956},
    keywords = {bib-csl2007},
    posted-at = {2008-05-02 21:07:20},
    priority = {2},
    publisher = {Cambridge University Engineering Department},
    title = {The {HTK} Book, version 3.4},
    year = {2006}
}

