@book{ACA,
 author = {Lerch, Alexander},
 title = {An Introduction to Audio Content Analysis: Applications in Signal Processing and Music Informatics},
 year = {2012},
 isbn = {111826682X, 9781118266823},
 edition = {1st},
 publisher = {Wiley-IEEE Press},
}

@article{Hazan2005a,
address = {New York, New York, USA},
author = {Hazan, Amaury},
doi = {10.1145/1040830.1040904},
file = {:C$\backslash$:/Users/Monze/Dropbox/MED4 P4 Project Folder/01 - P4 Project/100 - Latex/Report/Sources/Towards Automatic Transcription of Expressive Oral.pdf:pdf},
isbn = {1581138946},
journal = {Proceedings of the 10th international conference on Intelligent user interfaces - IUI '05},
keywords = {knowledge-based approaches,performance,speech processing},
pages = {296},
publisher = {ACM Press},
title = {{Towards automatic transcription of expressive oral percussive performances}},
url = {http://portal.acm.org/citation.cfm?doid=1040830.1040904},
year = {2005}
}


@article{Stowell2010,
author = {Stowell, Dan and Plumbley, Mark D},
file = {:home/grigori/Dropbox/Med4 P4 Project Folder/01 - P4 Project/100 - Latex/Report/sources/StowellPlumbley2010\_deldec.pdf:pdf},
keywords = {Beatboxing,Stowell},
mendeley-tags = {Beatboxing,Stowell},
number = {July},
title = {{Delayed decision-making in real-time beatbox percussion classification}},
year = {2010}
}

@INPROCEEDINGS{Sinyor05,
    author = {Elliot Sinyor and Cory Mckay Rebecca and Daniel Mcennis and Ichiro Fujinaga},
    title = {Beatbox classification using ACE},
    booktitle = {Proceedings of the International Conference on Music Information Retrieval},
    year = {2005}
}

@ONLINE{WML2013,
    author = {WaveMachine Labs},
    title = {Voice Band},
    year = {2013},
    url = {http://www.auriaapp.com/Products/voice-band}
}

@Book{Bird2007,
ALTauthor = {John Bird},
ALTeditor = {•},
title = {Engineering Mathematics},
publisher = {Elsevier Ltd.},
year = {2007},
OPTkey = {•},
OPTvolume = {•},
OPTnumber = {•},
OPTseries = {•},
OPTaddress = {•},
OPTedition = {Fifth},
OPTmonth = {•},
OPTnote = {•},
OPTannote = {•}
}
@Article{Bello2005,
author = {Juan Pablo Bello, Laurent Daudet, Samer Abdallah, Chris Duxbury, Mike Davies, and
Mark B. Sandler, Senior Member, IEEE},
title = {A Tutorial on Onset Detection in Music Signals},
journal = {IEEE Transactions on Speech and Audio Processing},
year = {2005},
OPTkey = {•},
OPTvolume = {13},
OPTnumber = {•},
OPTpages = {•},
OPTmonth = {September},
OPTnote = {•},
OPTannote = {•}
}
@Article{Al-Zhrani2010,
author = {Saleh Al-Zhrani and Mubarak AlQahtani},
title = {Audio Environment Recognition using Zero Crossing
Features and MPEG-7 Descriptors},
journal = {Journal of Computer Science},
year = {2010},
OPTkey = {•},
OPTvolume = {•},
OPTnumber = {•},
OPTpages = {•},
OPTmonth = {•},
OPTnote = {•},
OPTannote = {•}
}
$ved ikke helt om det her er fra en jornal$
@Article{RWW2012,
author = {R.W. Wall, Senior Member, IEEE},
title = {Simple Methods for Detecting Zero Crossing},
journal = {•},$ mangler info$
year = {2012},
OPTkey = {•},
OPTvolume = {•},
OPTnumber = {•},
OPTpages = {•},
OPTmonth = {•},
OPTnote = {•},
OPTannote = {•}
}
@TechReport{Mallat1988,
author = {Stephane G. Mallat},
title = {Dyadic Wavelets Energy Zero-Crossings},
OPTinstitution = {University of Pennsylvania},
year = {1988},
OPTkey = {•},
OPTtype = {•},
OPTnumber = {•},
OPTaddress = {•},
OPTmonth = {•},
OPTnote = {•},
OPTannote = {•}
}

@InProceedings{Gouyon2000,
author = {Fabien Gouyon, François Pachet, Olivier Delerue},
title = {ON THE USE OF ZERO-CROSSING RATE FOR AN APPLICATION OF
CLASSIFICATION OF PERCUSSIVE SOUNDS},
OPTbooktitle = {•},
OPTcrossref = {Proceedings of the COST G-6 Conference on Digital Audio Effects (DAFX-00)},
OPTkey = {•},
OPTpages = {•},
OPTyear = {2000},
OPTeditor = {•},
OPTvolume = {•},
OPTnumber = {•},
OPTseries = {•},
OPTaddress = {•},
OPTmonth = {December},
OPTorganization = {•},
OPTpublisher = {•},
OPTnote = {•},
OPTannote = {•}
}
