@book{Lerch:2012:IAC:2392638,
 author = {Lerch, Alexander},
 title = {An Introduction to Audio Content Analysis: Applications in Signal Processing and Music Informatics},
 year = {2012},
 isbn = {111826682X, 9781118266823},
 edition = {1st},
 publisher = {Wiley-IEEE Press},
}