Automatically generated by Mendeley Desktop 1.11
Any changes to this file will be lost if it is regenerated by Mendeley.

BibTeX export options can be customized via Options -> BibTeX in Mendeley Desktop

@article{Hazan2005a,
address = {New York, New York, USA},
author = {Hazan, Amaury},
doi = {10.1145/1040830.1040904},
file = {:C$\backslash$:/Users/Monze/Dropbox/MED4 P4 Project Folder/01 - P4 Project/100 - Latex/Report/Sources/Towards Automatic Transcription of Expressive Oral.pdf:pdf},
isbn = {1581138946},
journal = {Proceedings of the 10th international conference on Intelligent user interfaces - IUI '05},
keywords = {knowledge-based approaches,performance,speech processing},
pages = {296},
publisher = {ACM Press},
title = {{Towards automatic transcription of expressive oral percussive performances}},
url = {http://portal.acm.org/citation.cfm?doid=1040830.1040904},
year = {2005}
}
