Automatically generated by Mendeley Desktop 1.11
Any changes to this file will be lost if it is regenerated by Mendeley.

BibTeX export options can be customized via Options -> BibTeX in Mendeley Desktop

@article{Stowell2010,
author = {Stowell, Dan and Plumbley, Mark D},
file = {:home/grigori/Dropbox/Med4 P4 Project Folder/01 - P4 Project/100 - Latex/Report/sources/StowellPlumbley2010\_deldec.pdf:pdf},
keywords = {Beatboxing,Stowell},
mendeley-tags = {Beatboxing,Stowell},
number = {July},
title = {{Delayed decision-making in real-time beatbox percussion classification}},
year = {2010}
}
