@article{
year={1995},
issn={0885-6125},
journal={Machine Learning},
volume={20},
number={1-2},
doi={10.1007/BF00993472},
title={Evaluation and selection of biases in machine learning},
url={http://dx.doi.org/10.1007/BF00993472},
publisher={Kluwer Academic Publishers},
keywords={bias; concept learning},
author={Gordon, DianaF. and Desjardins, Marie},
pages={5-22},
language={English}
}
