@INPROCEEDINGS{QBBB,
    author = {Ajay Kapur},
    title = {Query-by-beat-boxing: Music retrieval for the dj},
    booktitle = {Proceedings of the International Conference on Music Information Retrieval},
    year = {2004}
}