




@article{doi:10.1080/01621459.1961.10482090,
author = {Dunn, Olive   Jean},
title = {Multiple Comparisons among Means},
journal = {Journal of the American Statistical Association},
volume = {56},
number = {293},
pages = {52-64},
year = {1961},
doi = {10.1080/01621459.1961.10482090},

URL = { 
        http://www.tandfonline.com/doi/abs/10.1080/01621459.1961.10482090
    
},
eprint = { 
        http://www.tandfonline.com/doi/pdf/10.1080/01621459.1961.10482090
    
}

}


