@article{Nakano:2000p7189,
    author = {Nakano, T. and Goto, M. and Ogata, J. and Hiraga, Y.},
    citeulike-article-id = {8781355},
    citeulike-linkout-0 = {http://www.acm.org/uist/archive/adjunct/2005/pdf/demos/d10-nakano.pdf},
    journal = {Proc. UIST},
    local-url = {file://localhost/Users/andrea/Documents/Papers/Nakano/2000/Nakano\%20Voice\%20drummer\%20a\%20music\%20notation\%202000.pdf},
    month = jan,
    posted-at = {2011-02-08 07:29:37},
    priority = {2},
    title = {{Voice drummer: a music notation interface of drum sounds using voice percussion input}},
    url = {http://www.acm.org/uist/archive/adjunct/2005/pdf/demos/d10-nakano.pdf},
    year = {2000}
}

